<record><leader>00000cas a22000007a 4500</leader><controlfield tag="001">12366449</controlfield><controlfield tag="008">850809d18711875mouwr ne      0    0eng d</controlfield><datafield ind1=" " ind2=" " tag="010"><subfield code="a">sn 85034004 </subfield></datafield><datafield ind1=" " ind2=" " tag="040"><subfield code="a">NPU</subfield><subfield code="b">eng</subfield><subfield code="c">NPU</subfield><subfield code="d">NPX</subfield><subfield code="d">MQN</subfield><subfield code="d">OCLCQ</subfield></datafield><datafield ind1=" " ind2=" " tag="042"><subfield code="a">msc</subfield></datafield><datafield ind1="0" ind2=" " tag="130"><subfield code="a">Macon weekly republican (Macon, Mo. : 1871)</subfield></datafield><datafield ind1="1" ind2="4" tag="245"><subfield code="a">The Macon weekly republican.</subfield></datafield><datafield ind1=" " ind2=" " tag="260"><subfield code="a">Macon, Mo. :</subfield><subfield code="b">Jones, Brock &amp; Wilson,</subfield><subfield code="c">1871-1875.</subfield></datafield><datafield ind1=" " ind2=" " tag="300"><subfield code="a">v. ;</subfield><subfield code="c">61 cm.</subfield></datafield><datafield ind1=" " ind2=" " tag="310"><subfield code="a">Weekly</subfield></datafield><datafield ind1="0" ind2=" " tag="362"><subfield code="a">Vol. 1, no. 32 (Oct. 18, 1871)-v. 5, no. 18 (July 8, 1875).</subfield></datafield><datafield ind1=" " ind2=" " tag="752"><subfield code="a">United States</subfield><subfield code="b">Missouri</subfield><subfield code="c">Macon</subfield><subfield code="d">Macon.</subfield></datafield><datafield ind1="0" ind2="0" tag="780"><subfield code="t">Macon republican (Macon, Mo. : 1871)</subfield><subfield code="w">(DLC)sn 90061214</subfield></datafield><datafield ind1="0" ind2="0" tag="785"><subfield code="t">Macon republican (Macon, Mo. : 1875)</subfield><subfield code="w">(DLC)sn 90061200</subfield></datafield></record>